@article{goodie2012levels,
  title={Levels of theory-of-mind reasoning in competitive games},
  author={Goodie, Adam S and Doshi, Prashant and Young, Diana L},
  journal={Journal of Behavioral Decision Making},
  volume={25},
  number={1},
  pages={95--108},
  year={2012},
  publisher={Wiley Online Library}
}

@article{premack1978does,
  title={Does the chimpanzee have a theory of mind?},
  author={Premack, David and Woodruff, Guy},
  journal={Behavioral and Brain Sciences},
  volume={1},
  number={4},
  pages={515--526},
  year={1978},
  publisher={Cambridge University Press}
}

@article{veltman2019training,
  title={Training the use of theory of mind using artificial agents},
  author={Veltman, Kim and de Weerd, Harmen and Verbrugge, Rineke},
  journal={Journal on Multimodal User Interfaces},
  volume={13},
  number={1},
  pages={3--18},
  year={2019},
  publisher={Springer}
}

@article{liddle2006higher,
  title={Higher-order theory of mind and social competence in school-age children},
  author={Liddle, Bethany and Nettle, Daniel},
  journal={Journal of Cultural and Evolutionary Psychology},
  volume={4},
  number={3-4},
  pages={231--244},
  year={2006},
  publisher={Akad{\'e}miai Kiad{\'o}}
}

@article{de2017negotiating,
  title={Negotiating with other minds: The role of recursive theory of mind in negotiation with incomplete information},
  author={de Weerd, Harmen and Verbrugge, Rineke and Verheij, Bart},
  journal={Autonomous Agents and Multi-Agent Systems},
  volume={31},
  number={2},
  pages={250--287},
  year={2017},
  publisher={Springer}
}

@article{de2013much,
  title={How much does it help to know what she knows you know? An agent-based simulation study},
  author={De Weerd, Harmen and Verbrugge, Rineke and Verheij, Bart},
  journal={Artificial Intelligence},
  volume={199},
  pages={67--92},
  year={2013},
  publisher={Elsevier}
}

@article{frey2013cyclic,
  title={Cyclic game dynamics driven by iterated reasoning},
  author={Frey, Seth and Goldstone, Robert L},
  journal={PloS one},
  volume={8},
  number={2},
  pages={e56416},
  year={2013},
  publisher={Public Library of Science San Francisco, USA}
}

@book{van1995python,
  title={Python Reference Manual},
  author={Van Rossum, Guido and Drake Jr, Fred L},
  year={1995},
  publisher={Centrum voor Wiskunde en Informatica Amsterdam}
}

@article{call2008does,
  title={Does the chimpanzee have a theory of mind? 30 years later},
  author={Call, Josep and Tomasello, Michael},
  journal={Trends in Cognitive Sciences},
  volume={12},
  number={5},
  pages={187--192},
  year={2008},
  publisher={Elsevier}
}

@article{gavrilets2006dynamics,
  title={The dynamics of Machiavellian intelligence},
  author={Gavrilets, Sergey and Vose, Aaron},
  journal={Proceedings of the National Academy of Sciences},
  volume={103},
  number={45},
  pages={16823--16828},
  year={2006},
  publisher={National Acad Sciences}
}

@incollection{berrah99,
	author = {Berrah, A.-R. and Laboissi\`ere, R.},
    editor = {D. Floreano, J.-D. Nicoud and F. Mondada},
	title = {Species: An evolutionary model for the emergence of phonetic structures in an artificial society of speech agents},
    booktitle = {Advances in artificial life, lecture notes in artificial intelligence},
    publisher = {Springer Berlin},
	volume = "1674",
    pages = "674-678",
	year = "1999"
}

@article{cooper52,
    author = "Cooper, F. S. and Delattre, P. C. and Liberman, A. M. and Borst, J. M. and Gerstman, L. J.",
    title  = "Some experiments on the perception of synthetic speech sounds",
    journal = "Journal of the Acoustical Society of America",
    volume = "24",
    pages = "597-606",
    year = "1952"
}

@incollection{crothers78,
    author = "Crothers, J.",
    editor = {J. H. Greenberg and C. A. Ferguson and E. A. Moravcsik},
    title  = "Typology and universals of vowel systems",
    booktitle = "Universals of human language",
    publisher = {Stanford: Stanford University Press},
    volume = "2 Phonology",
    pages = "93-152",
    year = "1975"
}

@book{dawkins76,
    author    = "Dawkins, R.",
    title     = "The selfish gene.",
    publisher = "Oxford: Oxfor university press",
    year      = "1976"
}

@incollection{kirby98,
    author = "Kirby, S.",
    editor = "J. R. Hurford and M. Studdert-Kennedy and C. Knight",
    title = "Fitness and the selective adapta­tion of language",
    booktitle = "Approaches to the evolution of language",
    publisher = "Cambridge: Cambridge University Press",
    pages = "359-383",
    year = "1998"
}

@book{kirby99,
    author = "Kirby, S.",
    title = "Function, selection and in­nateness: The emergence of language universals",
    publisher = "Oxford: Oxford University Press",
    year = "1999"
}

@incollection{kirby00,
    author = "Kirby, S.",
    editor = "C. Knight",
    title = "Syntax without natural selection: How compositionality emerges from vocabulary in a population of learners",
    booktitle = "The evolutionary emergence of language: Social function and the origins of linguistic form",
    publisher = "Cambridge: Cambridge University Press",
    pages = "303-323",
    year = "2000"
}

@mastersthesis{oliphant93,
    author = "Oliphant, M.",
    title = "Conditions for the evolution of saussurean communication",
    school = "University of California, San Diego",
    year = "1993"
}

@article{oliphant96,
    author = "Oliphant, M.",
    title = "The dilemma of saussurean communication",
    journal = "Biosystems",
    volume = {37(1-2)},
    pages = "31-38",
    year = "1996"
}

@article{schwartz97,
    author = {Schwartz, J.-L. and Bo\"e, L.-J. and Vall\'ee, N. and Abry, C.},
    title = "Major trends in vowel system inventories",
    journal = "Journal of Phonetics",
    volume = "25",
    pages = "233-235",
    year = "1997"
}

@article{farrell1996cheap,
  title={Cheap talk},
  author={Farrell, Joseph and Rabin, Matthew},
  journal={Journal of Economic perspectives},
  volume={10},
  number={3},
  pages={103--118},
  year={1996},
  publisher={American Economic Association}
}

@article{kuhn1997prisoner,
  title={Prisoner’s dilemma},
  author={Kuhn, Steven},
  year = {2008},
  journal = {Stanford Encyclopedia of Philosophy},
  publisher = {Stanford Encyclopedia of Philosophy}
}

@book{osborne1994course,
  title={A Course in Game Theory},
  author={Osborne, Martin J and Rubinstein, Ariel},
  year={1994},
  publisher={MIT press}
}